@inproceedings{pacheco2007randoop,
  title={Randoop: feedback-directed random testing for Java},
  author={Pacheco, Carlos and Ernst, Michael D},
  booktitle={Companion to the 22nd ACM SIGPLAN conference on Object-oriented programming systems and applications companion},
  pages={815--816},
  year={2007}
}

@article{lambdatester,
author = {Selakovic, Marija and Pradel, Michael and Karim, Rezwana and Tip, Frank},
title = {Test Generation for Higher-Order Functions in Dynamic Languages},
year = {2018},
issue_date = {November 2018},
publisher = {Association for Computing Machinery},
address = {New York, NY, USA},
volume = {2},
number = {OOPSLA},
url = {https://doi.org/10.1145/3276531},
doi = {10.1145/3276531},
journal = {Proc. ACM Program. Lang.},
month = {oct},
articleno = {161},
numpages = {27},
keywords = {Higher-order functions, JavaScript, differential testing, dynamic analysis}
}